@misc{gravity,
booktitle = {Wikipedia},
title = {{Gravity of Earth}},
note = {Available at {https://en.wikipedia.org/wiki/Gravity{\_}of{\_}Earth}}
}
@misc{pendulum,
title = {{Simple pendulum}},
note = {Available at \url{http://hyperphysics.phy-astr.gsu.edu/hbase/pend.html}}
}
